% this is the bibliography file


http://www.w3.org/TR/css-flexbox-1/

@Misc{flexbox,
	author = 	 {W3C Working Group},
	title = 	 {CSS Flexible Box Layout Module},
	howpublished = {\url{http://www.w3.org/TR/css-flexbox-1/}},
	month = 	 {May},
	year = 	 {2015},
	annote = 	 {\url{http://www.w3.org/TR/css-flexbox-1/}}
}

@Misc{W3C,
	author = 	 {W3C Working Group},
	title = 	 {Web Services Architecture},
	howpublished = {\url{http://www.w3.org/TR/2004/NOTE-ws-arch-20040211/}},
	month = 	 {February},
	year = 	 {2006},
	annote = 	 {\url{http://www.w3.org/TR/2004/NOTE-ws-arch-20040211/}}
}


@Misc{django-arch,
	author = 	 {MyTARDIS},
	title = 	 {Django architecture},
	howpublished = {\url{http://mytardis.readthedocs.org/en/latest/architecture.html#functional-architecture}},
	year = 	 {2013},
	annote = 	 {\url{http://mytardis.readthedocs.org/en/latest/architecture.html#functional-architecture}}
}

@article{trees,
	author = {Philip Bille},
	title = {A Survey on Tree Edit Distance and Related
	Problems},
	date = {December 2004},
}
